@Manual{R-base,
  title = {R: A Language and Environment for Statistical Computing},
  author = {{R Core Team}},
  organization = {R Foundation for Statistical Computing},
  address = {Vienna, Austria},
  year = {2019},
  url = {https://www.R-project.org/},
}

@Manual{R-knitr,
  title = {knitr: A General-Purpose Package for Dynamic Report Generation in R},
  author = {Yihui Xie},
  year = {2019},
  note = {R package version 1.23},
  url = {https://CRAN.R-project.org/package=knitr},
}

@Manual{R-class,
  title = {class: Functions for Classification},
  author = {Brian Ripley},
  year = {2019},
  note = {R package version 7.3-15},
  url = {https://CRAN.R-project.org/package=class},
}

@Manual{R-dplyr,
  title = {dplyr: A Grammar of Data Manipulation},
  author = {Hadley Wickham and Romain François and Lionel Henry and Kirill Müller},
  year = {2019},
  note = {R package version 0.8.0.1},
  url = {https://CRAN.R-project.org/package=dplyr},
}

@Manual{R-glmnet,
  title = {glmnet: Lasso and Elastic-Net Regularized Generalized Linear Models},
  author = {Jerome Friedman and Trevor Hastie and Rob Tibshirani and Noah Simon and Balasubramanian Narasimhan and Junyang Qian},
  year = {2019},
  note = {R package version 2.0-18},
  url = {https://CRAN.R-project.org/package=glmnet},
}

@Manual{R-purrr,
  title = {purrr: Functional Programming Tools},
  author = {Lionel Henry and Hadley Wickham},
  year = {2019},
  note = {R package version 0.3.2},
  url = {https://CRAN.R-project.org/package=purrr},
}

@Manual{R-rstudioapi,
  title = {rstudioapi: Safely Access the RStudio API},
  author = {Kevin Ushey and JJ Allaire and Hadley Wickham and Gary Ritchie},
  year = {2019},
  note = {R package version 0.10},
  url = {https://CRAN.R-project.org/package=rstudioapi},
}

@Manual{R-stringr,
  title = {stringr: Simple, Consistent Wrappers for Common String Operations},
  author = {Hadley Wickham},
  year = {2019},
  note = {R package version 1.4.0},
  url = {https://CRAN.R-project.org/package=stringr},
}

@Manual{R-tictoc,
  title = {tictoc: Functions for timing R scripts, as well as implementations of
Stack and List structures.},
  author = {Sergei Izrailev},
  year = {2014},
  note = {R package version 1.0},
  url = {https://CRAN.R-project.org/package=tictoc},
}

@Manual{R-tidyr,
  title = {tidyr: Easily Tidy Data with 'spread()' and 'gather()' Functions},
  author = {Hadley Wickham and Lionel Henry},
  year = {2019},
  note = {R package version 0.8.3},
  url = {https://CRAN.R-project.org/package=tidyr},
}

@Manual{R-Studio,
  title = {RStudio: Integrated Development Environment for R},
  author = {{RStudio Team}},
  organization = {RStudio, Inc.},
  address = {Boston, MA},
  year = {2019},
  url = {http://www.rstudio.com/},
  note = {Version 1.2.1541},
}

@Manual{wickham_readr_2021,
	title = {readr: Read Rectangular Text Data},
	rights = {{MIT} + file {LICENSE}},
	url = {https://CRAN.R-project.org/package=readr},
	shorttitle = {readr},
	abstract = {The goal of 'readr' is to provide a fast and friendly way to read rectangular data (like 'csv', 'tsv', and 'fwf'). It is designed to flexibly parse many types of data found in the wild, while still cleanly failing when data unexpectedly changes.},
	version = {2.0.1},
	author = {Wickham, Hadley and Hester, Jim and Francois, Romain and {RStudio}},
	urldate = {2021-09-12},
	date = {2021-08-10}
}

@Manual{wickham_ggplot2_2021,
	title = {ggplot2: Create Elegant Data Visualisations Using the Grammar of Graphics},
	rights = {{MIT} + file {LICENSE}},
	url = {https://CRAN.R-project.org/package=ggplot2},
	shorttitle = {ggplot2},
	abstract = {A system for 'declaratively' creating graphics, based on "The Grammar of Graphics". You provide the data, tell 'ggplot2' how to map variables to aesthetics, what graphical primitives to use, and it takes care of the details.},
	version = {3.3.5},
	author = {Wickham, Hadley and Chang, Winston and Henry, Lionel and Pedersen, Thomas Lin and Takahashi, Kohske and Wilke, Claus and Woo, Kara and Yutani, Hiroaki and Dunnington, Dewey and {RStudio}},
	urldate = {2021-09-12},
	date = {2021-06-25},
	keywords = {Graphics, Phylogenetics, {TeachingStatistics}}
}

@Manual{simpson_permute_2019,
	title = {permute: Functions for Generating Restricted Permutations of Data},
	rights = {{GPL}-2},
	url = {https://CRAN.R-project.org/package=permute},
	shorttitle = {permute},
	abstract = {A set of restricted permutation designs for freely exchangeable, line transects (time series), and spatial grid designs plus permutation of blocks (groups of samples) is provided. 'permute' also allows split-plot designs, in which the whole-plots or split-plots or both can be freely-exchangeable or one of the restricted designs. The 'permute' package is modelled after the permutation schemes of 'Canoco 3.1' (and later) by Cajo ter Braak.},
	version = {0.9-5},
	author = {Simpson, Gavin L. and R Core Team and Bates, Douglas M. and Oksanen, Jari},
	urldate = {2021-09-12},
	date = {2019-03-12}
}

@Manual{cetinkaya-rundel_openintro_2021,
	title = {openintro: Data Sets and Supplemental Functions from '{OpenIntro}' Textbooks and Labs},
	rights = {{GPL}-3},
	url = {https://CRAN.R-project.org/package=openintro},
	shorttitle = {openintro},
	abstract = {Supplemental functions and data for '{OpenIntro}' resources, which includes open-source textbooks and resources for introductory statistics ({\textless}https://www.openintro.org/{\textgreater}). The package contains data sets used in our open-source textbooks along with custom plotting functions for reproducing book figures. Note that many functions and examples include color transparency; some plotting elements may not show up properly (or at all) when run in some versions of Windows operating system.},
	version = {2.2.0},
	author = {Çetinkaya-Rundel, Mine and Diez, David and Bray, Andrew and Kim, Albert Y. and Baumer, Ben and Ismay, Chester and Paterno, Nick and Barr, Christopher},
	urldate = {2021-09-12},
	date = {2021-06-22},
	keywords = {{TeachingStatistics}}
}

@Manual{zhu_kableextra_2021,
	title = {{kableExtra}: Construct Complex Table with 'kable' and Pipe Syntax},
	rights = {{MIT} + file {LICENSE}},
	url = {https://CRAN.R-project.org/package=kableExtra},
	shorttitle = {{kableExtra}},
	abstract = {Build complex {HTML} or '{LaTeX}' tables using 'kable()' from 'knitr' and the piping syntax from 'magrittr'. Function 'kable()' is a light weight table generator coming from 'knitr'. This package simplifies the way to manipulate the {HTML} or '{LaTeX}' codes generated by 'kable()' and allows users to construct complex tables and customize styles using a readable syntax.},
	version = {1.3.4},
	author = {Zhu, Hao and Travison, Thomas and Tsai, Timothy and Beasley, Will and Xie, Yihui and Yu, {GuangChuang} and Laurent, Stéphane and Shepherd, Rob and Sidi, Yoni and Salzer, Brian and Gui, George and Fan, Yeliang and Murdoch, Duncan and Evans, Bill},
	urldate = {2021-09-12},
	date = {2021-02-20}
}

@Manual{auguie_gridextra_2017,
	title = {{gridExtra}: Miscellaneous Functions for "Grid" Graphics},
	rights = {{GPL}-2 {\textbar} {GPL}-3 [expanded from: {GPL} (≥ 2)]},
	url = {https://CRAN.R-project.org/package=gridExtra},
	shorttitle = {{gridExtra}},
	abstract = {Provides a number of user-level functions to work with "grid" graphics, notably to arrange multiple grid-based plots on a page, and draw tables.},
	version = {2.3},
	author = {Auguie, Baptiste and Antonov, Anton},
	urldate = {2021-09-12},
	date = {2017-09-09}
}

@Manual{wilke_cowplot_2020,
	title = {cowplot: Streamlined Plot Theme and Plot Annotations for 'ggplot2'},
	rights = {{GPL}-2},
	url = {https://CRAN.R-project.org/package=cowplot},
	shorttitle = {cowplot},
	abstract = {Provides various features that help with creating publication-quality figures with 'ggplot2', such as a set of themes, functions to align plots and arrange them into complex compound figures, and functions that make it easy to annotate plots and or mix plots with images. The package was originally written for internal use in the Wilke lab, hence the name (Claus O. Wilke's plot package). It has also been used extensively in the book Fundamentals of Data Visualization.},
	version = {1.1.1},
	author = {Wilke, Claus O.},
	urldate = {2021-09-12},
	date = {2020-12-30}
}

@Manual{moritz_imputets_2021,
	title = {{imputeTS}: Time Series Missing Value Imputation},
	rights = {{GPL}-3},
	url = {https://CRAN.R-project.org/package=imputeTS},
	shorttitle = {{imputeTS}},
	abstract = {Imputation (replacement) of missing values in univariate time series. Offers several imputation functions and missing data plots. Available imputation algorithms include: 'Mean', '{LOCF}', 'Interpolation', 'Moving Average', 'Seasonal Decomposition', 'Kalman Smoothing on Structural Time Series models', 'Kalman Smoothing on {ARIMA} models'. Published in Moritz and Bartz-Beielstein (2017) {\textless}doi:10.32614/{RJ}-2017-009{\textgreater}.},
	version = {3.2},
	author = {Moritz, Steffen and Gatscha, Sebastian and Wang, Earo},
	urldate = {2021-09-12},
	date = {2021-01-16},
	keywords = {{MissingData}, {TimeSeries}}
}

@Manual{narzo_tsdyn_2020,
	title = {{tsDyn}: Nonlinear Time Series Models with Regime Switching},
	rights = {{GPL}-2 {\textbar} {GPL}-3 [expanded from: {GPL} (≥ 2)]},
	url = {https://CRAN.R-project.org/package=tsDyn},
	shorttitle = {{tsDyn}},
	abstract = {Implements nonlinear autoregressive ({AR}) time series models. For univariate series, a non-parametric approach is available through additive nonlinear {AR}. Parametric modeling and testing for regime switching dynamics is available when the transition is either direct ({TAR}: threshold {AR}) or smooth ({STAR}: smooth transition {AR}, {LSTAR}). For multivariate series, one can estimate a range of {TVAR} or threshold cointegration {TVECM} models with two or three regimes. Tests can be conducted for {TVAR} as well as for {TVECM} (Hansen and Seo 2002 and Seo 2006).},
	version = {10-1.2},
	author = {Narzo, Antonio Fabio Di and Aznarte, Jose Luis and Stigler, Matthieu and Tsung-wu, Ho},
	urldate = {2021-09-12},
	date = {2020-02-04},
	keywords = {Econometrics, Finance, {TimeSeries}}
}

@Manual{wallig_doparallel_2020,
	title = {{doParallel}: Foreach Parallel Adaptor for the 'parallel' Package},
	rights = {{GPL}-2},
	url = {https://CRAN.R-project.org/package=doParallel},
	shorttitle = {{doParallel}},
	abstract = {Provides a parallel backend for the \%dopar\% function using the parallel package.},
	version = {1.0.16},
	author = {Wallig, Michelle and Corporation, Microsoft and Weston, Steve and Tenenbaum, Dan},
	urldate = {2021-09-12},
	date = {2020-10-16}
}

@Manual{wallig_foreach_2020,
	title = {foreach: Provides Foreach Looping Construct},
	rights = {Apache License (== 2.0)},
	url = {https://CRAN.R-project.org/package=foreach},
	shorttitle = {foreach},
	abstract = {Support for the foreach looping construct. Foreach is an idiom that allows for iterating over elements in a collection, without the use of an explicit loop counter. This package in particular is intended to be used for its return value, rather than for its side effects. In that sense, it is similar to the standard lapply function, but doesn't require the evaluation of a function. Using foreach without side effects also facilitates executing the loop in parallel.},
	version = {1.5.1},
	author = {Wallig, Michelle and Microsoft and Weston, Steve},
	urldate = {2021-09-12},
	date = {2020-10-15},
	keywords = {{HighPerformanceComputing}}
}

@Manual{muller_tibble_2021,
	title = {tibble: Simple Data Frames},
	rights = {{MIT} + file {LICENSE}},
	url = {https://CRAN.R-project.org/package=tibble},
	shorttitle = {tibble},
	abstract = {Provides a 'tbl\_df' class (the 'tibble') with stricter checking and better formatting than the traditional data frame.},
	version = {3.1.4},
	author = {Müller, Kirill and Wickham, Hadley and Francois, Romain and Bryan, Jennifer and {RStudio}},
	urldate = {2021-09-12},
	date = {2021-08-25}
}

@Manual{wickham_pryr_2021,
	title = {pryr: Tools for Computing on the Language},
	rights = {{GPL}-2},
	url = {https://CRAN.R-project.org/package=pryr},
	shorttitle = {pryr},
	abstract = {Useful tools to pry back the covers of R and understand the language at a deeper level.},
	version = {0.1.5},
	author = {Wickham, Hadley and R. Core team},
	urldate = {2021-09-12},
	date = {2021-07-26}
}

@Manual{bache_magrittr_2020,
	title = {magrittr: A Forward-Pipe Operator for R},
	rights = {{MIT} + file {LICENSE}},
	url = {https://CRAN.R-project.org/package=magrittr},
	shorttitle = {magrittr},
	abstract = {Provides a mechanism for chaining commands with a new forward-pipe operator, \%{\textgreater}\%. This operator will forward a value, or the result of an expression, into the next function call/expression. There is flexible support for the type of right-hand side expressions. For more information, see package vignette. To quote Rene Magritte, "Ceci n'est pas un pipe."},
	version = {2.0.1},
	author = {Bache, Stefan Milton and Wickham, Hadley and Henry, Lionel and {RStudio}},
	urldate = {2021-09-12},
	date = {2020-11-17},
	keywords = {{WebTechnologies}}
}

@Manual{vaughan_furrr_2021,
	title = {furrr: Apply Mapping Functions in Parallel using Futures},
	rights = {{MIT} + file {LICENSE}},
	url = {https://CRAN.R-project.org/package=furrr},
	shorttitle = {furrr},
	abstract = {Implementations of the family of map() functions from 'purrr' that can be resolved using any 'future'-supported backend, e.g. parallel on the local machine or distributed on a compute cluster.},
	version = {0.2.3},
	author = {Vaughan, Davis and Dancho, Matt and {RStudio}},
	urldate = {2021-09-12},
	date = {2021-06-25}
}





